<record><leader>00000cas a22000007a 4500</leader><controlfield tag="001">30689696</controlfield><controlfield tag="008">940629d19851986akuwr ne      0    0eng d</controlfield><datafield ind1=" " ind2=" " tag="010"><subfield code="a">sn 94050051 </subfield></datafield><datafield ind1=" " ind2=" " tag="040"><subfield code="a">ANE</subfield><subfield code="b">eng</subfield><subfield code="c">ANE</subfield><subfield code="d">OCLCQ</subfield><subfield code="d">OCLCF</subfield><subfield code="d">OCLCO</subfield></datafield><datafield ind1="1" ind2=" " tag="029"><subfield code="a">AU@</subfield><subfield code="b">000025856626</subfield></datafield><datafield ind1=" " ind2=" " tag="042"><subfield code="a">msc</subfield></datafield><datafield ind1=" " ind2=" " tag="043"><subfield code="a">n-us-ak</subfield><subfield code="a">n-cn-bc</subfield></datafield><datafield ind1="0" ind2="4" tag="245"><subfield code="a">The Stewart sentinel.</subfield></datafield><datafield ind1="1" ind2="3" tag="246"><subfield code="a">Sentinel</subfield></datafield><datafield ind1=" " ind2=" " tag="260"><subfield code="a">Stewart, B.C. :</subfield><subfield code="b">S. Higgins,</subfield><subfield code="c">1985-1986.</subfield></datafield><datafield ind1=" " ind2=" " tag="300"><subfield code="a">8 v.</subfield></datafield><datafield ind1=" " ind2=" " tag="310"><subfield code="a">Weekly</subfield></datafield><datafield ind1="0" ind2=" " tag="362"><subfield code="a">Vol. 10, no. 45 (Dec. 16, 1985)-v. 17, no. 24 (June 30, 1986).</subfield></datafield><datafield ind1=" " ind2=" " tag="500"><subfield code="a">"Serving Stewart, B.C. &amp; Hyder, Alaska."</subfield></datafield><datafield ind1=" " ind2="0" tag="651"><subfield code="a">Hyder (Alaska)</subfield><subfield code="v">Newspapers.</subfield></datafield><datafield ind1=" " ind2="0" tag="651"><subfield code="a">Stewart (B.C.)</subfield><subfield code="v">Newspapers.</subfield></datafield><datafield ind1=" " ind2="7" tag="655"><subfield code="a">Newspapers.</subfield><subfield code="2">fast</subfield><subfield code="0">(OCoLC)fst01423814</subfield></datafield><datafield ind1=" " ind2="7" tag="651"><subfield code="a">Alaska</subfield><subfield code="z">Hyder.</subfield><subfield code="2">fast</subfield><subfield code="0">(OCoLC)fst01281347</subfield></datafield><datafield ind1=" " ind2="7" tag="651"><subfield code="a">British Columbia</subfield><subfield code="z">Stewart.</subfield><subfield code="2">fast</subfield><subfield code="0">(OCoLC)fst01249268</subfield></datafield><datafield ind1=" " ind2=" " tag="752"><subfield code="a">Canada</subfield><subfield code="b">British Columbia</subfield><subfield code="d">Stewart.</subfield></datafield><datafield ind1=" " ind2=" " tag="752"><subfield code="a">United States</subfield><subfield code="b">Alaska</subfield><subfield code="d">Hyder.</subfield></datafield><datafield ind1="0" ind2="0" tag="780"><subfield code="t">Sentinel (Stewart, B.C.)</subfield><subfield code="w">(DLC)sn 94050050</subfield><subfield code="w">(OCoLC)30689639</subfield></datafield><datafield ind1="0" ind2="0" tag="785"><subfield code="t">Stewart/Hyder sentinel</subfield><subfield code="w">(DLC)sn 94050052</subfield><subfield code="w">(OCoLC)30689719</subfield></datafield></record>